 @article{cisco_report,
  author={Executive Summary Cisco},
  journal={Cisco},
  title={Cisco Annual Internet Report (2018-2023)},
   year={2020}}

@article{bross2018versatile,
  title={Versatile video coding (Draft 5)},
  author={Bross, Benjamin and Chen, Jianle and Liu, Shan},
  journal={JVET-K1001},
  year={2018}
}


@article{sullivan2012overview,
  title={Overview of the high efficiency video coding (HEVC) standard},
  author={Sullivan, Gary J and Ohm, Jens-Rainer and Han, Woo-Jin and Wiegand, Thomas},
  journal={IEEE Transactions on circuits and systems for video technology},
  volume={22},
  number={12},
  pages={1649--1668},
  year={2012},
  publisher={IEEE}
}

 @article{cpan_global,
  author={S. T {Subodh}},
  journal={CPA Global},
  title={ Review of Licensing scenarios and patented technologies relevant to versatile video coding},
   year={2020}}

   

@ARTICLE{8954732,
  author={A. S. {Panayides} and M. S. {Pattichis} and M. {Pantziaris} and A. G. {Constantinides} and C. S. {Pattichis}},
  journal={IEEE Access}, 
  title={The Battle of the Video Codecs in the Healthcare Domain - A Comparative Performance Evaluation Study Leveraging VVC and AV1}, 
  year={2020},
  volume={8},
  number={},
  pages={11469-11481},
  doi={10.1109/ACCESS.2020.2965325}}


@INPROCEEDINGS{8456249,
  author={Y. {Chen} and D. {Murherjee} and J. {Han} and A. {Grange} and Y. {Xu} and Z. {Liu} and S. {Parker} and C. {Chen} and H. {Su} and U. {Joshi} and C. {Chiang} and Y. {Wang} and P. {Wilkins} and J. {Bankoski} and L. {Trudeau} and N. {Egge} and J. {Valin} and T. {Davies} and S. {Midtskogen} and A. {Norkin} and P. {de Rivaz}},
  booktitle={2018 Picture Coding Symposium (PCS)}, 
  title={An Overview of Core Coding Tools in the AV1 Video Codec}, 
  year={2018},
  volume={},
  number={},
  pages={41-45},
  doi={10.1109/PCS.2018.8456249}}
  
 @INPROCEEDINGS{9102934,
  author={M. {Bhat} and J. -M. {Thiesse} and P. {Le Callet}},
  booktitle={2020 IEEE International Conference on Multimedia and Expo (ICME)}, 
  title={A Case Study of Machine Learning Classifiers for Real-Time Adaptive Resolution Prediction in Video Coding}, 
  year={2020},
  volume={},
  number={},
  pages={1-6},
  doi={10.1109/ICME46284.2020.9102934}}
  
  @ARTICLE{8630681,
  author={C. {Jia} and S. {Wang} and X. {Zhang} and S. {Wang} and J. {Liu} and S. {Pu} and S. {Ma}},
  journal={IEEE Transactions on Image Processing}, 
  title={Content-Aware Convolutional Neural Network for In-Loop Filtering in High Efficiency Video Coding}, 
  year={2019},
  volume={28},
  number={7},
  pages={3343-3356},
  doi={10.1109/TIP.2019.2896489}}
  
  
  @article{svt,
  title={Scalable Video Technology for the Visual Cloud },
  author={Intel},
  year={2019}
}
  
  @article{battle,
  title={Battle of the Video Codecs: Coding-Efficient VVC vs. Royalty-Free AV1},
  author={Rina. {Caballar}},
  year={2020}
}


  @article{Netflix,
  title={Per-Title Encode Optimization},
  author={Netflix},
  year={2015}
}


  @Article{rf,
    title = {Classification and Regression by randomForest},
    author = {Andy Liaw and Matthew Wiener},
    journal = {R News},
    year = {2002},
    volume = {2},
    number = {3},
    pages = {18-22},
    url = {https://CRAN.R-project.org/doc/Rnews/},
  }